<?xml version="1.0" encoding="UTF-8"?><record xmlns="http://www.loc.gov/MARC21/slim" xmlns:cinclude="http://apache.org/cocoon/include/1.0" xmlns:zs="http://www.loc.gov/zing/srw/">
  <leader>00623cz  a2200145n  4500</leader>
  <controlfield tag="001">no2012102481</controlfield>
  <controlfield tag="003">DLC</controlfield>
  <controlfield tag="005">20120821075823.0</controlfield>
  <controlfield tag="008">120731n| acannaabn          |n ana     c</controlfield>
  <datafield tag="010" ind1=" " ind2=" ">
    <subfield code="a">no2012102481</subfield>
  </datafield>
  <datafield tag="035" ind1=" " ind2=" ">
    <subfield code="a">(OCoLC)oca09263343</subfield>
  </datafield>
  <datafield tag="040" ind1=" " ind2=" ">
    <subfield code="a">PaPhCHF</subfield>
    <subfield code="b">eng</subfield>
    <subfield code="c">PaPhCHF</subfield>
    <subfield code="d">DLC</subfield>
  </datafield>
  <datafield tag="111" ind1="2" ind2=" ">
    <subfield code="a">Symposium on Affinity Chromatography and Immobilized Biochemicals</subfield>
    <subfield code="d">(1973 :</subfield>
    <subfield code="c">Charleston, S.C.)</subfield>
  </datafield>
  <datafield tag="667" ind1=" " ind2=" ">
    <subfield code="a">THIS 1XX FIELD CANNOT BE USED UNDER RDA UNTIL THIS RECORD HAS BEEN REVIEWED AND/OR UPDATED</subfield>
  </datafield>
  <datafield tag="670" ind1=" " ind2=" ">
    <subfield code="a">Immobilized biochemicals and affinity chromatography, 1974:</subfield>
    <subfield code="b">t.p. (Symposium on Affinity Chromatography and Immobilized Biochemicals)</subfield>
  </datafield>
</record>